<record><leader>00000cas a2200000 a 4500</leader><controlfield tag="001">34502304</controlfield><controlfield tag="007">hd afu---bact</controlfield><controlfield tag="007">hd bfu---baat</controlfield><controlfield tag="008">960402d190319uunbumr nea     0   a0eng d</controlfield><datafield ind1=" " ind2=" " tag="010"><subfield code="a">sn 96080200 </subfield></datafield><datafield ind1=" " ind2=" " tag="040"><subfield code="a">NVG</subfield><subfield code="b">eng</subfield><subfield code="c">NVG</subfield><subfield code="d">OCL</subfield><subfield code="d">OCLCQ</subfield><subfield code="d">OCLCO</subfield><subfield code="d">OCLCQ</subfield></datafield><datafield ind1=" " ind2=" " tag="042"><subfield code="a">msc</subfield></datafield><datafield ind1=" " ind2=" " tag="043"><subfield code="a">n-us-nb</subfield></datafield><datafield ind1="0" ind2="4" tag="245"><subfield code="a">The Word carrier of Santee Normal Training School.</subfield></datafield><datafield ind1="3" ind2="0" tag="246"><subfield code="a">Word carrier of the Santee Normal Training School</subfield></datafield><datafield ind1=" " ind2=" " tag="260"><subfield code="a">Santee, Neb. :</subfield><subfield code="b">Santee Normal Training School Press,</subfield><subfield code="c">1903-</subfield></datafield><datafield ind1=" " ind2=" " tag="300"><subfield code="a">35 volumes :</subfield><subfield code="b">illustrations ;</subfield><subfield code="c">40 cm</subfield></datafield><datafield ind1=" " ind2=" " tag="310"><subfield code="a">Monthly</subfield></datafield><datafield ind1=" " ind2=" " tag="336"><subfield code="a">text</subfield><subfield code="b">txt</subfield><subfield code="2">rdacontent</subfield></datafield><datafield ind1=" " ind2=" " tag="337"><subfield code="a">microform</subfield><subfield code="b">h</subfield><subfield code="2">rdamedia</subfield></datafield><datafield ind1=" " ind2=" " tag="338"><subfield code="a">microfilm reel</subfield><subfield code="b">hd</subfield><subfield code="2">rdacarrier</subfield></datafield><datafield ind1="0" ind2=" " tag="362"><subfield code="a">Vol. 32, no. 5 (Sept./Oct. 1903)-</subfield></datafield><datafield ind1=" " ind2=" " tag="500"><subfield code="a">"Published for the Dakota mission."</subfield></datafield><datafield ind1=" " ind2=" " tag="580"><subfield code="a">Dakota ed.: Iapi Oaye (Greenwood, Dakota Territory).</subfield></datafield><datafield ind1=" " ind2=" " tag="533"><subfield code="a">Microfilm.</subfield><subfield code="m">1903-1939:[Gaps]</subfield><subfield code="b">Lincoln, Neb. :</subfield><subfield code="c">Nebraska State Historical Society,</subfield><subfield code="d">1977.</subfield><subfield code="e">2 microfilm reels ; 35 mm.</subfield></datafield><datafield ind1=" " ind2="0" tag="650"><subfield code="a">Dakota Indians</subfield><subfield code="v">Newspapers.</subfield></datafield><datafield ind1=" " ind2="0" tag="650"><subfield code="a">Santee Indians</subfield><subfield code="v">Newspapers.</subfield></datafield><datafield ind1="2" ind2="0" tag="610"><subfield code="a">Santee Normal Training School</subfield><subfield code="v">Newspapers.</subfield></datafield><datafield ind1="2" ind2=" " tag="710"><subfield code="a">Santee Normal Training School.</subfield></datafield><datafield ind1=" " ind2=" " tag="752"><subfield code="a">United States</subfield><subfield code="b">Nebraska</subfield><subfield code="c">Knox</subfield><subfield code="d">Santee.</subfield></datafield><datafield ind1="1" ind2=" " tag="775"><subfield code="t">Iapi Oaye (Greenwood, Dakota Territory)</subfield><subfield code="w">(DLC)sn 95063058</subfield></datafield><datafield ind1="1" ind2=" " tag="776"><subfield code="c">Original</subfield><subfield code="w">(DLC)sn 96080197</subfield></datafield><datafield ind1="0" ind2="0" tag="780"><subfield code="t">Word carrier</subfield><subfield code="w">(DLC)sn 96080199</subfield><subfield code="w">(OCoLC)5380388</subfield></datafield><datafield ind1="1" ind2=" " tag="029"><subfield code="a">AU@</subfield><subfield code="b">000012367201</subfield></datafield></record>